//----------------------------------------------
//1.1 Introduction
//----------------------------------------------
@inproceedings{ando2021,
  title        = {Construction of a large-scale Japanese ASR corpus on TV recordings},
  author       = {Ando, Shintaro and Fujihara, Hiromasa},
  booktitle    = {ICASSP 2021-2021 IEEE International Conference on Acoustics, Speech and Signal Processing (ICASSP)},
  pages        = {6948--6952},
  year         = {2021},
  organization = {IEEE}
}

@phdthesis{ardestani2024study,
  title  = {A study of text summarization with graph attention networks},
  author = {Ardestani, Mohammadreza and others},
  year   = {2024},
  school = {Lethbridge, Alta.: University of Lethbridge, Dept. of Mathematics and Computer Science}
}

@article{baevski2020wav2vec,
  title   = {wav2vec 2.0: A framework for self-supervised learning of speech representations},
  author  = {Baevski, Alexei and Zhou, Yuhao and Mohamed, Abdelrahman and Auli, Michael},
  journal = {Advances in neural information processing systems},
  volume  = {33},
  pages   = {12449--12460},
  year    = {2020}
}
-----
@article{bajo2024efficient,
  title   = {Efficient Adaptation of Multilingual Models for Japanese ASR},
  author  = {Bajo, Mark and Fukukawa, Haruka and Morita, Ryuji and Ogasawara, Yuma},
  journal = {arXiv preprint arXiv:2412.10705},
  year    = {2024}
}

@article{chen202,
  author  = {Chen, Jiahao and Nishimura, Ryota and Kitaoka, Norihide},
  year    = {2020},
  month   = {11},
  title   = {End-to-end recognition of streaming Japanese speech using CTC and local attention},
  volume  = {9},
  journal = {APSIPA Transactions on Signal and Information Processing},
  doi     = {10.1017/ATSIP.2020.23}
}

//----------------------------------------------
//1.2 Problem Statement
//----------------------------------------------

@misc{curtin2020japanese,
  title     = {Japanese Kanji Power: A Workbook for Mastering Japanese Characters},
  author    = {Curtin, Karen},
  year      = {2020},
  publisher = {JSTOR}
}

@inproceedings{dehak2009support,
  title        = {Support vector machines and joint factor analysis for speaker verification},
  author       = {Dehak, Najim and Kenny, Patrick and Dehak, Reda and Glembek, Ondrej and Dumouchel, Pierre and Burget, Lukas and Hubeika, Valiantsina and Castaldo, Fabio},
  booktitle    = {2009 IEEE International Conference on Acoustics, Speech and Signal Processing},
  pages        = {4237--4240},
  year         = {2009},
  organization = {IEEE}
}

//----------------------------------------------
//2.1 Introduction
//----------------------------------------------

//----------------------------------------------
//2.1 Challanges
//----------------------------------------------
@article{Futami2020Bidirectional,
  title   = {Rescoring Hypotheses of Automatic Speech Recognition with Bidirectional Transformer Language Model},
  author  = {Hayato Futami and Sei Ueno and Masato Mimura and Shinsuke Sakai and Tatsuya Kawahara and others},
  journal = {Proceedings of the 82nd National Convention of IPSJ},
  volume  = {2020},
  number  = {1},
  pages   = {175--176},
  year    = {2020}
}


@article{gales2008application,
  title     = {The application of hidden Markov models in speech recognition},
  author    = {Gales, Mark and Young, Steve},
  journal   = {Foundations and Trends{\textregistered} in Signal Processing},
  volume    = {1},
  number    = {3},
  pages     = {195--304},
  year      = {2008},
  publisher = {Now Publishers, Inc.}
}


@inproceedings{glasmachers17a,
  title     = {Limits of End-to-End Learning},
  author    = {Glasmachers, Tobias},
  booktitle = {Proceedings of the Ninth Asian Conference on Machine Learning},
  pages     = {17--32},
  year      = {2017},
  editor    = {Zhang, Min-Ling and Noh, Yung-Kyun},
  volume    = {77},
  series    = {Proceedings of Machine Learning Research},
  address   = {Yonsei University, Seoul, Republic of Korea},
  month     = {11},
  publisher = {PMLR},
  pdf       = {http://proceedings.mlr.press/v77/glasmachers17a/glasmachers17a.pdf},
  url       = {https://proceedings.mlr.press/v77/glasmachers17a.html}
}


---

@article{halpern2008role,
  title  = {THE ROLE OF PHONETICS AND PHONETIC DATABASES IN JAPANESE SPEECH TECHNOLOGY},
  author = {Halpern, Jack},
  year   = {2008}
}

@article{hojo2018dnn,
  title     = {DNN-based speech synthesis using speaker codes},
  author    = {Hojo, Nobukatsu and Ijima, Yusuke and Mizuno, Hideyuki},
  journal   = {IEICE TRANSACTIONS on Information and Systems},
  volume    = {101},
  number    = {2},
  pages     = {462--472},
  year      = {2018},
  publisher = {The Institute of Electronics, Information and Communication Engineers}
}

@article{Imaishi2022Examination,
  title     = {Examination of Iterative Estimation Counts in Gaussian Mixture Model-Based Speaker Recognition},
  author    = {Ryo Imaishi and Takeshi Kawabata},
  journal   = {Journal of the Acoustical Society of Japan},
  volume    = {78},
  number    = {11},
  pages     = {650--653},
  year      = {2022},
  publisher = {Acoustical Society of Japan}
}

@article{Imaizumi2020Dialect-Aware,
  title   = {Dialect-Aware Modeling for End-to-End Japanese Dialect Speech Recognition},
  author  = {Ryo Imaizumi and Ryo Masumura and Sayaka Shiota and H. Kiya},
  journal = {2020 Asia-Pacific Signal and Information Processing Association Annual Summit
             and Conference (APSIPA ASC)},
  year    = {2020},
  pages   = {297-301}
}


@article{imaizumi2022,
  author  = {Imaizumi, Ryo and Masumura, Ryo and Shiota, Sayaka and Kiya, Hitoshi},
  year    = {2022},
  month   = {01},
  title   = {End-to-end Japanese Multi-dialect Speech Recognition and Dialect Identification with Multi-task Learning},
  volume  = {11},
  journal = {APSIPA Transactions on Signal and Information Processing},
  doi     = {10.1561/116.00000045}
}


@article{Ito2016End-to-end,
  title   = {End-to-end neural network modeling for Japanese speech recognition},
  author  = {Hitoshi Ito and Aiko Hagiwara and Manon Ichiki and T. Mishima and Shoei Sato
             and A. Kobayashi},
  journal = {Journal of the Acoustical Society of America},
  year    = {2016},
  volume  = {140},
  pages   = {3116-3116},
  doi     = {10.1121/1.4969755}
}


@article{ito2017,
  author   = {Ito, Hitoshi and Hagiwara, Aiko and Ichiki, Manon and Mishima, Takeshi and Sato, Shoei and Kobayashi, Akio},
  journal  = {2017 Asia-Pacific Signal and Information Processing Association Annual Summit and Conference (APSIPA ASC)},
  title    = {End-to-end speech recognition for languages with ideographic characters},
  year     = {2017},
  pages    = {1228-1232},
  keywords = {Acoustics;Hidden Markov models;Training;Matrix decomposition;Mathematical model;Robustness;Bidirectional control},
  doi      = {10.1109/APSIPA.2017.8282226}
}

@article{juang1991hidden,
  title     = {Hidden Markov models for speech recognition},
  author    = {Juang, Biing Hwang and Rabiner, Laurence R},
  journal   = {Technometrics},
  volume    = {33},
  number    = {3},
  pages     = {251--272},
  year      = {1991},
  publisher = {Taylor \& Francis}
}

@article{Kanno,
  title           = {An Introduction to Japanese Linguistics},
  issn            = {08859884},
  url             = {http://www.jstor.org/stable/489672},
  author          = {Kazue Kanno},
  journal         = {The Journal of the Association of Teachers of Japanese},
  number          = {1},
  pages           = {64--69},
  publisher       = {American Association of Teachers of Japanese},
  reviewed-author = {Natsuko Tsujimura},
  urldate         = {2024-11-19},
  volume          = {30},
  year            = {1996}
}






@article{Karita2021,
  author    = {Shigeki Karita and Yotaro Kubo and Michiel Adriaan Unico Bacchiani and Llion Jones},
  doi       = {10.21437/INTERSPEECH.2021-775},
  isbn      = {9781713836902},
  issn      = {19909772},
  journal   = {Proceedings of the Annual Conference of the International Speech Communication Association, INTERSPEECH},
  pages     = {2092-2096},
  publisher = {International Speech Communication Association},
  title     = {A Comparative Study on Neural Architectures and Training Methods for Japanese Speech Recognition},
  volume    = {2},
  year      = {2021}
}




@article{Kida2016LSTM,
  title   = {Reverberant Speech Recognition Based on Linear Predictive Filter Estimation Using LSTM},
  author  = {Yusuke Kida, Toru Taniguchi and others},
  journal = {Research Report on Speech and Language Processing (SLP)},
  volume  = {2016},
  number  = {25},
  pages   = {1--6},
  year    = {2016}
}




@article{Koenecke2020,
  title     = {Racial disparities in automated speech recognition},
  author    = {Allison Koenecke and Andrew Nam and Emily Lake and Joe Nudell and Minnie Quartey and Zion Mengesha and Connor Toups and John R. Rickford and Dan Jurafsky and Sharad Goel},
  doi       = {10.1073/PNAS.1915768117/SUPPL_FILE/PNAS.1915768117.SAPP.PDF},
  issn      = {10916490},
  issue     = {14},
  journal   = {Proceedings of the National Academy of Sciences of the United States of America},
  keywords  = {Fair machine learning,Natural language processing,Speech-to-text},
  month     = {4},
  pages     = {7684-7689},
  pmid      = {32205437},
  publisher = {National Academy of Sciences},
  volume    = {117},
  url       = {https://www.pnas.org/doi/abs/10.1073/pnas.1915768117},
  year      = {2020}
}


@inproceedings{kolesnikov2020big,
  title        = {Big transfer (bit): General visual representation learning},
  author       = {Kolesnikov, Alexander and Beyer, Lucas and Zhai, Xiaohua and Puigcerver, Joan and Yung, Jessica and Gelly, Sylvain and Houlsby, Neil},
  booktitle    = {Computer Vision--ECCV 2020: 16th European Conference, Glasgow, UK, August 23--28, 2020, Proceedings, Part V 16},
  pages        = {491--507},
  year         = {2020},
  organization = {Springer}
}

@article{Kubo2014DeepLearning,
  title     = {Deep Learning for Speech Recognition (Series Explanation: Deep Learning [Part 5])},
  author    = {Yotaro Kubo},
  journal   = {Artificial Intelligence},
  volume    = {29},
  number    = {1},
  pages     = {62--71},
  year      = {2014},
  publisher = {The Japanese Society for Artificial Intelligence}
}

-- HMM
@article{latif2020,
  title     = {Speech technology for healthcare: Opportunities, challenges, and state of the art},
  author    = {Latif, Siddique and Qadir, Junaid and Qayyum, Adnan and Usama, Muhammad and Younis, Shahzad},
  journal   = {IEEE Reviews in Biomedical Engineering},
  volume    = {14},
  pages     = {342--356},
  year      = {2020},
  publisher = {IEEE}
}

@inproceedings{lin2017dnn,
  title        = {DNN-based feature transformation for speech recognition using throat microphone},
  author       = {Lin, Shengke and Tsunakawa, Takashi and Nishida, Masafumi and Nishimura, Masafumi},
  booktitle    = {2017 Asia-Pacific Signal and Information Processing Association Annual Summit and Conference (APSIPA ASC)},
  pages        = {596--599},
  year         = {2017},
  organization = {IEEE}
}

@article{matrouf2011modeling,
  title     = {Modeling nuisance variabilities with factor analysis for GMM-based audio pattern classification},
  author    = {Matrouf, Driss and Verdet, Florian and Rouvier, Micka{\"e}l and Bonastre, Jean-Fran{\c{c}}ois and Linar{\`e}s, Georges},
  journal   = {Computer Speech \& Language},
  volume    = {25},
  number    = {3},
  pages     = {481--498},
  year      = {2011},
  publisher = {Elsevier}
}

@article{Mimura2013CSJ,
  title   = {Application of DNN-HMM to Japanese Lecture Speech Recognition Using CSJ and Investigation of Speaker Adaptation},
  author  = {Masato Mimura, Tatsuya Kawahara and others},
  journal = {Research Report on Speech and Language Processing (SLP)},
  volume  = {2013},
  number  = {9},
  pages   = {1--6},
  year    = {2013}
}

@article{Min2021Recent,
  title   = {Recent Advances in Natural Language Processing via Large Pre-trained Language Models: A Survey},
  author  = {Bonan Min and Hayley Ross and Elior Sulem and Amir Pouran Ben Veyseh and Thien Huu Nguyen and Oscar Sainz and Eneko Agirre and Ilana Heinz and D. Roth},
  journal = {ACM Computing Surveys},
  year    = {2021},
  volume  = {56},
  pages   = {1 - 40},
  doi     = {10.1145/3605943}
}

@article{miwa2023dialect,
  title   = {Dialect Speech Recognition Modeling using Corpus of Japanese Dialects and Self-Supervised Learning-based Model XLSR},
  author  = {Miwa, Shogo and Kai, Atsuhiko},
  journal = {Proc. INTERSPEECH 2023},
  pages   = {4928--4932},
  year    = {2023}
}  

-- GMM
@article{mori2021,
  author   = {Mori, Daiki and Ohta, Kengo and Nishimura, Ryota and Ogawa, Atsunori and Kitaoka, Norihide},
  journal  = {2021 Asia-Pacific Signal and Information Processing Association Annual Summit and Conference (APSIPA ASC)},
  title    = {Advanced language model fusion method for encoder-decoder model in Japanese speech recognition},
  year     = {2021},
  volume   = {},
  number   = {},
  pages    = {503-510},
  keywords = {Error analysis;Speech recognition;Information processing;Linguistics;Transformers;Automatic speech recognition},
  doi      = {}
}

@article{mu2020japanese,
  title     = {Japanese Pronunciation Evaluation Based on DDNN},
  author    = {Mu, Deguo and Sun, Wei and Xu, Guoliang and Li, Wei},
  journal   = {IEEE Access},
  volume    = {8},
  pages     = {218644--218657},
  year      = {2020},
  publisher = {IEEE}
}

@article{Mukohara2015Emotion,
  title   = {Investigation of DNN and CNN Bottleneck Features in Emotional Speech Recognition},
  author  = {Kohei Mukohara, Koichiro Yoshino, Satoshi Nakamura and others},
  journal = {Research Report on Speech and Language Processing (SLP)},
  volume  = {2015},
  number  = {15},
  pages   = {1--6},
  year    = {2015}
}


@inproceedings{Nguyen2002ModelingFA,
  title     = {Modeling frequent allophones in Japanese speech recognition},
  author    = {Long Nguyen and Xuefeng Guo and John Makhoul},
  booktitle = {Interspeech},
  year      = {2002},
  url       = {https://api.semanticscholar.org/CorpusID:7693997}
}

@article{nicita1,
  title        = {To Improve Voice Recognition System using GMM and HMM Classification Models},
  author       = {Sonali Nemade, Yogesh Kumar Sharma, Ranjit D. Patil},
  journal      = {International Journal of Innovative Technology and Exploring Engineering (2019) 8(11) 2724-2726},
  year         = {2019},
  organization = {IEEE}
}

@inproceedings{noda2014lipreading,
  title     = {Lipreading using convolutional neural network.},
  author    = {Noda, Kuniaki and Yamaguchi, Yuki and Nakadai, Kazuhiro and Okuno, Hiroshi G and Ogata, Tetsuya and others},
  booktitle = {Interspeech},
  volume    = {1},
  pages     = {3},
  year      = {2014}
}

@article{nwe2003speech,
  title     = {Speech emotion recognition using hidden Markov models},
  author    = {Nwe, Tin Lay and Foo, Say Wei and De Silva, Liyanage C},
  journal   = {Speech communication},
  volume    = {41},
  number    = {4},
  pages     = {603--623},
  year      = {2003},
  publisher = {Elsevier}
}

@article{Oura2018Introduction,
  title     = {Introduction to Japanese Speech Synthesis Software Based on Hidden Markov Models},
  author    = {Keiichiro Oura and Kei Hashimoto and Yoshihiko Nankaku and Keiichi Tokuda},
  journal   = {Systems/Control/Information},
  volume    = {62},
  number    = {2},
  pages     = {57--62},
  year      = {2018},
  publisher = {The Institute of Systems, Control and Information Engineers}
}

@article{povey2011subspace,
  title     = {The subspace Gaussian mixture model—A structured model for speech recognition},
  author    = {Povey, Daniel and Burget, Luk{\'a}{\v{s}} and Agarwal, Mohit and Akyazi, Pinar and Kai, Feng and Ghoshal, Arnab and Glembek, Ond{\v{r}}ej and Goel, Nagendra and Karafi{\'a}t, Martin and Rastrow, Ariya and others},
  journal   = {Computer Speech \& Language},
  volume    = {25},
  number    = {2},
  pages     = {404--439},
  year      = {2011},
  publisher = {Elsevier}
}

@article{qiu2022,
  author     = {Qiu, Bo and Ansari, Imran Shafique},
  title      = {Keyword Detection of Japanese Media Teaching Based on Support Vector Machines and Speech Detection},
  year       = {2022},
  issue_date = {2022},
  publisher  = {IOS Press},
  address    = {NLD},
  volume     = {2022},
  issn       = {1574-017X},
  url        = {https://doi.org/10.1155/2022/6095859},
  doi        = {10.1155/2022/6095859},
  journal    = {Mob. Inf. Syst.},
  month      = jul,
  numpages   = {9}
}

@article{radford2019language,
  title   = {Language models are unsupervised multitask learners},
  author  = {Radford, Alec and Wu, Jeffrey and Child, Rewon and Luan, David and Amodei, Dario and Sutskever, Ilya and others},
  journal = {OpenAI blog},
  volume  = {1},
  number  = {8},
  pages   = {9},
  year    = {2019}
}

@inproceedings{radford2023robust,
  title        = {Robust speech recognition via large-scale weak supervision},
  author       = {Radford, Alec and Kim, Jong Wook and Xu, Tao and Brockman, Greg and McLeavey, Christine and Sutskever, Ilya},
  booktitle    = {International conference on machine learning},
  pages        = {28492--28518},
  year         = {2023},
  organization = {PMLR}
}


@article{rose2019unique,
  title     = {Unique challenges of learning to write in the Japanese writing system},
  author    = {Rose, Heath},
  journal   = {L2 writing beyond English},
  volume    = {66},
  year      = {2019},
  publisher = {Multilingual Matters}
}


@inproceedings{seki2014comparison,
  title        = {Comparison of syllable-based and phoneme-based DNN-HMM in Japanese speech recognition},
  author       = {Seki, Hiroshi and Yamamoto, Kazumasa and Nakagawa, Seiichi},
  booktitle    = {2014 International Conference of Advanced Informatics: Concept, Theory and Application (ICAICTA)},
  pages        = {249--254},
  year         = {2014},
  organization = {IEEE}
}

@article{sun2020subspace,
  title     = {Subspace Gaussian mixture based language modeling for large vocabulary continuous speech recognition},
  author    = {Sun, Ri Hyon and Chol, Ri Jong},
  journal   = {Speech Communication},
  volume    = {117},
  pages     = {21--27},
  year      = {2020},
  publisher = {Elsevier}
}

@article{Sztahó2023,
  title     = {Effects of language mismatch in automatic forensic voice comparison using deep learning embeddings},
  author    = {Dávid Sztahó and Attila Fejes},
  doi       = {10.1111/1556-4029.15250},
  issn      = {1556-4029},
  issue     = {3},
  journal   = {Journal of Forensic Sciences},
  month     = {5},
  pages     = {871-883},
  pmid      = {36999742},
  publisher = {John Wiley & Sons, Ltd},
  volume    = {68},
  year      = {2023}
}

@inproceedings{taheri2006fuzzy,
  title        = {Fuzzy HMM and GMM Models for Speech Recognition},
  author       = {Taheri, A and Taheri, M},
  booktitle    = {2006 2nd International Conference on Information \& Communication Technologies},
  volume       = {1},
  pages        = {1242--1245},
  year         = {2006},
  organization = {IEEE}
}

@inproceedings{takahashi2024comparison,
  title        = {Comparison of Large Pre-trained Models and Adaptation Methods for Japanese Dialects ASR},
  author       = {Takahashi, Naoki and Miwa, Shogo and Kamiya, Yuta and Toyama, Takumi and Nahar, Raufun and Kai, Atsuhiko},
  booktitle    = {2024 IEEE 13th Global Conference on Consumer Electronics (GCCE)},
  pages        = {811--814},
  year         = {2024},
  organization = {IEEE}
}


@article{Takami2020Performance,
  title     = {Speaker Recognition Performance Metric for Small-Scale Voice Dialogue Systems Based on Adaptation Speed and Convergence Accuracy of Gaussian Mixture Models},
  author    = {Junko Takami and Takeshi Kawabata},
  journal   = {Journal of the Acoustical Society of Japan},
  volume    = {76},
  number    = {5},
  pages     = {254--261},
  year      = {2020},
  publisher = {Acoustical Society of Japan}
}

@inproceedings{takeuchi2020real,
  title        = {Real-time speech enhancement using equilibriated RNN},
  author       = {Takeuchi, Daiki and Yatabe, Kohei and Koizumi, Yuma and Oikawa, Yasuhiro and Harada, Noboru},
  booktitle    = {ICASSP 2020-2020 IEEE International Conference on Acoustics, Speech and Signal Processing (ICASSP)},
  pages        = {851--855},
  year         = {2020},
  organization = {IEEE}
}
@inproceedings{taniguchi2022transformer,
  title     = {Transformer-Based Automatic Speech Recognition with Auxiliary Input of Source Language Text Toward Transcribing Simultaneous Interpretation.},
  author    = {Taniguchi, Shuta and Kato, Tsuneo and Tamura, Akihiro and Yasuda, Keiji},
  booktitle = {INTERSPEECH},
  pages     = {2813--2817},
  year      = {2022}
}


@article{Taniguchi2024Pretraining,
  title   = {Pre-training of Transformer-based ASR for Simultaneous Interpretation with Auxiliary Input of Source Language Text Using Large Machine Translation Corpus},
  author  = {Shuta Taniguchi and Tsuneo Kato and Akihiro Tamura and Keiji Yasuda and others},
  journal = {Proceedings of the 86th National Convention of IPSJ},
  volume  = {2024},
  number  = {1},
  pages   = {397--398},
  year    = {2024}
}

@article{Tokuda1999Application,
  title   = {Application of Hidden Markov Models to Speech Synthesis},
  author  = {Keiichi Tokuda},
  journal = {IEICE Technical Report, SP99-61},
  pages   = {48--54},
  year    = {1999}
}

@article{Tokuda2000HMM,
  title   = {Fundamentals of Speech Synthesis Using HMM},
  author  = {Keiichi Tokuda},
  journal = {IEICE Technical Report, SP2000-74},
  pages   = {43},
  year    = {2000}
}

@article{Xu,
  author    = {Wei Xu, Marvin J. Dainoff, Liezhong Ge and Zaifeng Gao},
  title     = {Transitioning to Human Interaction with AI Systems: New Challenges and Opportunities for HCI Professionals to Enable Human-Centered AI},
  journal   = {International Journal of Human–Computer Interaction},
  volume    = {39},
  number    = {3},
  pages     = {494--518},
  year      = {2023},
  publisher = {Taylor \& Francis},
  doi       = {10.1080/10447318.2022.2041900}
}

@article{xu2023recent,
  title   = {Recent advances in direct speech-to-text translation},
  author  = {Xu, Chen and Ye, Rong and Dong, Qianqian and Zhao, Chengqi and Ko, Tom and Wang, Mingxuan and Xiao, Tong and Zhu, Jingbo},
  journal = {arXiv preprint arXiv:2306.11646},
  year    = {2023}
}


@inproceedings{yalta2019cnn,
  title        = {CNN-based multichannel end-to-end speech recognition for everyday home environments},
  author       = {Yalta, Nelson and Watanabe, Shinji and Hori, Takaaki and Nakadai, Kazuhiro and Ogata, Tetsuya},
  booktitle    = {2019 27th European Signal Processing Conference (EUSIPCO)},
  pages        = {1--5},
  year         = {2019},
  organization = {IEEE}
}

@article{yasuda2022,
  author   = {Yasuda, Yusuke and Toda, Tomoki},
  journal  = {IEEE Journal of Selected Topics in Signal Processing},
  title    = {Investigation of Japanese PnG BERT Language Model in Text-to-Speech Synthesis for Pitch Accent Language},
  year     = {2022},
  volume   = {16},
  number   = {6},
  pages    = {1319-1328},
  keywords = {Self-supervised learning;Feature extraction;Syntactics;Predictive models;PnG BERT;text-to-speech;Japanese;pitch accent;self-supervised learning},
  doi      = {10.1109/JSTSP.2022.3190672}
}

@article{zhang2023google,
  title   = {Google usm: Scaling automatic speech recognition beyond 100 languages},
  author  = {Zhang, Yu and Han, Wei and Qin, James and Wang, Yongqiang and Bapna, Ankur and Chen, Zhehuai and Chen, Nanxin and Li, Bo and Axelrod, Vera and Wang, Gary and others},
  journal = {arXiv preprint arXiv:2303.01037},
  year    = {2023}
}

@article{Zhu2004Multilingual,
  title   = {Construction of Multilingual Speech Phylogenetic Trees Using Gaussian Mixture Distributions},
  author  = {Shi Yi Zhu, Mikio Yamamoto, Shuichi Itabashi and others},
  journal = {Information Processing Society of Japan Research Report on Speech and Language Processing (SLP)},
  volume  = {2004},
  number  = {131 (2004-SLP-054)},
  pages   = {313--318},
  year    = {2004}
}


‌@article{Zhu2004Multilingual,
  title   = {zzzXXZZZzzNNGGG},
  author  = {zzzng, zzMiksdios},
  journal = {Informations dsa Processing Society of Japan Research Report on Speech and Language Processing (SLP)},
  volume  = {2006},
  number  = {1321 (2004-SLP-054)},
  pages   = {3123--3128},
  year    = {2006}
}


‌@article{widyana,
  author = {Widyana, A. and Jerusalem, M. and Yumechas, B.},
  title = {the application of text-to-speech technology in language learning},
  year = {2022},
  pages = {85-92},
  doi = {10.2991/978-2-494069-91-6_14}
}

@article{Afouras,
  author = {Afouras, T.},
  title = {Lrs3-ted: a large-scale dataset for visual speech recognition},
  year = {2018},
  doi = {10.48550/arxiv.1809.00496}
}

@article{kibe2018intonational,
  title={Intonational variations at the end of interrogative sentences in Japanese dialects: From the “Corpus of Japanese Dialects”},
  author={Kibe, Nobuko and Otsuki, Tomoyo and Sato, Kumiko},
  journal={Proceedfings of the LREC 2018 Special Speech Sessions},
  pages={21--28},
  year={2018}
}

@inproceedings{boishakhi2021multi,
  title={Multi-modal hate speech detection using machine learning},
  author={Boishakhi, Fariha Tahosin and Shill, Ponkoj Chandra and Alam, Md Golam Rabiul},
  booktitle={2021 IEEE International Conference on Big Data (Big Data)},
  pages={4496--4499},
  year={2021},
  organization={IEEE}
}

@article{Gergen,
  author = {Gergen, S. and Zeiler, S. and Abdelaziz, A. and Nickel, R. and Kolossa, D.},
  title = {Dynamic stream weighting for turbo-decoding-based audiovisual asr},
  year = {2016},
  doi = {10.21437/interspeech.2016-166}
}